<?xml version="1.0" encoding="UTF-8"?><record xmlns="http://www.loc.gov/MARC21/slim" xmlns:cinclude="http://apache.org/cocoon/include/1.0" xmlns:zs="http://www.loc.gov/zing/srw/">
  <leader>00590cz  a2200133n  4500</leader>
  <controlfield tag="001">n  87926478 </controlfield>
  <controlfield tag="003">DLC</controlfield>
  <controlfield tag="005">20141210064108.0</controlfield>
  <controlfield tag="008">880916n| azannaab           |a ana     c</controlfield>
  <datafield tag="010" ind1=" " ind2=" ">
    <subfield code="a">n  87926478 </subfield>
  </datafield>
  <datafield tag="040" ind1=" " ind2=" ">
    <subfield code="a">DGPO</subfield>
    <subfield code="b">eng</subfield>
    <subfield code="e">rda</subfield>
    <subfield code="c">DLC</subfield>
    <subfield code="d">DLC</subfield>
  </datafield>
  <datafield tag="110" ind1="2" ind2=" ">
    <subfield code="a">National Institute of Education (U.S.).</subfield>
    <subfield code="b">Research on Classroom Learning and Teaching Program</subfield>
  </datafield>
  <datafield tag="510" ind1="2" ind2=" ">
    <subfield code="w">r</subfield>
    <subfield code="i">Hierarchical superior:</subfield>
    <subfield code="a">National Institute of Education (U.S.)</subfield>
  </datafield>
  <datafield tag="670" ind1=" " ind2=" ">
    <subfield code="a">Sanford, J.P. Comprehension-level tasks in secondary classrooms, 1985:</subfield>
    <subfield code="b">t.p. (National Institute of Education, Research on Classroom Learning and Teaching Program)</subfield>
  </datafield>
</record>